@misc\{xilinx,
  title         = "AR 13979 - XST - WARNING:Xst:737 - Found n-bit latch for signal name"
  howpublished  = "Xilinx",
  year          = "2005",
  month         = "October",
  note          = "http://www.xilinx.com/support/answers/13979.htm"
  }
@manual\{xilinxug,
  title         = "Spartan-3E Starter Kit Board User Guide",
  author        = "",
  organization  = "Xilinx",
  address       = "",
  edition       = "1.0",
  month         = "March",
  year          = "2006",
  note          = ""  }

@manual\{modelsim,
  title         = "ModelSim SE Userâ€™s Manual",
  author        = "",
  organization  = "Mentor Graphics Corporation",
  address       = "8005 S.W. Boeckman Road, Wilsonville, Oregon 97070-7777.",
  edition       = "6.5b",
  month         = "May",
  year          = "2009",
  note          = ""  }

@manual\{stty,
  title         = "STTY",
  author        = "David MacKenzie",
  organization  = "",
  address       = "",
  edition       = "",
  month         = "September",
  year          = "2009",
  note          = ""  }

@Book{wakerly2005,
 author = {Wakerly, John},
 title = {Digital Design: Principles and Practices Package},
 publisher = {Prentice Hall},
 year = {2005},
 address = {Englewood Cliffs},
 isbn = {0131733494}
}

@Book{chu2008,
 author = {Chu, Pong},
 title = {Fpga Prototyping by Vhdl Examples},
 publisher = {Wiley-Interscience},
 year = {2008},
 address = {New York},
 isbn = {0470185317}
 }
